%YAML 1.1
%TAG !u! tag:unity3d.com,2011:
--- !u!1 &3823873392028395886
GameObject:
  m_ObjectHideFlags: 0
  m_CorrespondingSourceObject: {fileID: 0}
  m_PrefabInstance: {fileID: 0}
  m_PrefabAsset: {fileID: 0}
  serializedVersion: 6
  m_Component:
  - component: {fileID: 8993598627808062769}
  - component: {fileID: 8816122691224948252}
  - component: {fileID: 4288872432344734116}
  - component: {fileID: 5472630525498478267}
  m_Layer: 0
  m_Name: Canvas
  m_TagString: Untagged
  m_Icon: {fileID: 0}
  m_NavMeshLayer: 0
  m_StaticEditorFlags: 0
  m_IsActive: 1
--- !u!224 &8993598627808062769
RectTransform:
  m_ObjectHideFlags: 0
  m_CorrespondingSourceObject: {fileID: 0}
  m_PrefabInstance: {fileID: 0}
  m_PrefabAsset: {fileID: 0}
  m_GameObject: {fileID: 3823873392028395886}
  m_LocalRotation: {x: -0, y: -0, z: -0, w: 1}
  m_LocalPosition: {x: 0, y: 0, z: 0}
  m_LocalScale: {x: 1, y: 1, z: 1}
  m_Children:
  - {fileID: 7016128532187489114}
  - {fileID: 7558167116184966734}
  m_Father: {fileID: 5773325124917863157}
  m_RootOrder: 0
  m_LocalEulerAnglesHint: {x: 0, y: 0, z: 0}
  m_AnchorMin: {x: 0, y: 0}
  m_AnchorMax: {x: 0, y: 0}
  m_AnchoredPosition: {x: 0, y: 0.5}
  m_SizeDelta: {x: 1, y: 1}
  m_Pivot: {x: 0.5, y: 0.5}
--- !u!223 &8816122691224948252
Canvas:
  m_ObjectHideFlags: 0
  m_CorrespondingSourceObject: {fileID: 0}
  m_PrefabInstance: {fileID: 0}
  m_PrefabAsset: {fileID: 0}
  m_GameObject: {fileID: 3823873392028395886}
  m_Enabled: 1
  serializedVersion: 3
  m_RenderMode: 2
  m_Camera: {fileID: 0}
  m_PlaneDistance: 100
  m_PixelPerfect: 0
  m_ReceivesEvents: 1
  m_OverrideSorting: 0
  m_OverridePixelPerfect: 0
  m_SortingBucketNormalizedSize: 0
  m_AdditionalShaderChannelsFlag: 0
  m_SortingLayerID: 0
  m_SortingOrder: 0
  m_TargetDisplay: 0
--- !u!114 &4288872432344734116
MonoBehaviour:
  m_ObjectHideFlags: 0
  m_CorrespondingSourceObject: {fileID: 0}
  m_PrefabInstance: {fileID: 0}
  m_PrefabAsset: {fileID: 0}
  m_GameObject: {fileID: 3823873392028395886}
  m_Enabled: 1
  m_EditorHideFlags: 0
  m_Script: {fileID: 11500000, guid: 0cd44c1031e13a943bb63640046fad76, type: 3}
  m_Name: 
  m_EditorClassIdentifier: 
  m_UiScaleMode: 0
  m_ReferencePixelsPerUnit: 100
  m_ScaleFactor: 1
  m_ReferenceResolution: {x: 800, y: 600}
  m_ScreenMatchMode: 0
  m_MatchWidthOrHeight: 0
  m_PhysicalUnit: 3
  m_FallbackScreenDPI: 96
  m_DefaultSpriteDPI: 96
  m_DynamicPixelsPerUnit: 1
  m_PresetInfoIsWorld: 1
--- !u!114 &5472630525498478267
MonoBehaviour:
  m_ObjectHideFlags: 0
  m_CorrespondingSourceObject: {fileID: 0}
  m_PrefabInstance: {fileID: 0}
  m_PrefabAsset: {fileID: 0}
  m_GameObject: {fileID: 3823873392028395886}
  m_Enabled: 1
  m_EditorHideFlags: 0
  m_Script: {fileID: 11500000, guid: dc42784cf147c0c48a680349fa168899, type: 3}
  m_Name: 
  m_EditorClassIdentifier: 
  m_IgnoreReversedGraphics: 1
  m_BlockingObjects: 0
  m_BlockingMask:
    serializedVersion: 2
    m_Bits: 4294967295
--- !u!1 &5773325124917863156
GameObject:
  m_ObjectHideFlags: 0
  m_CorrespondingSourceObject: {fileID: 0}
  m_PrefabInstance: {fileID: 0}
  m_PrefabAsset: {fileID: 0}
  serializedVersion: 6
  m_Component:
  - component: {fileID: 5773325124917863157}
  - component: {fileID: 5773325124917863154}
  - component: {fileID: 677139020828467552}
  - component: {fileID: -2636259950119405151}
  - component: {fileID: 5163381752937699266}
  - component: {fileID: 1700316834931734179}
  - component: {fileID: 4892494491292576595}
  m_Layer: 0
  m_Name: Bunker
  m_TagString: Untagged
  m_Icon: {fileID: 0}
  m_NavMeshLayer: 0
  m_StaticEditorFlags: 0
  m_IsActive: 1
--- !u!4 &5773325124917863157
Transform:
  m_ObjectHideFlags: 0
  m_CorrespondingSourceObject: {fileID: 0}
  m_PrefabInstance: {fileID: 0}
  m_PrefabAsset: {fileID: 0}
  m_GameObject: {fileID: 5773325124917863156}
  m_LocalRotation: {x: 0, y: 0, z: 0, w: 1}
  m_LocalPosition: {x: 0, y: 0, z: 0}
  m_LocalScale: {x: 1, y: 1, z: 1}
  m_Children:
  - {fileID: 8993598627808062769}
  m_Father: {fileID: 0}
  m_RootOrder: 0
  m_LocalEulerAnglesHint: {x: 0, y: 0, z: 0}
--- !u!114 &5773325124917863154
MonoBehaviour:
  m_ObjectHideFlags: 0
  m_CorrespondingSourceObject: {fileID: 0}
  m_PrefabInstance: {fileID: 0}
  m_PrefabAsset: {fileID: 0}
  m_GameObject: {fileID: 5773325124917863156}
  m_Enabled: 1
  m_EditorHideFlags: 0
  m_Script: {fileID: 11500000, guid: 4b902e14b506ed147af028a4f3038c2e, type: 3}
  m_Name: 
  m_EditorClassIdentifier: 
  tilePosition: {x: 0, y: 0, z: 0}
  tileSize: {x: 1, y: 1}
  locked: 0
  loadingBar: {fileID: 0}
  constructionTile: {fileID: 11400000, guid: 852901cde3d257b438b59babc0f67e75, type: 2}
  buildingTile: {fileID: 11400000, guid: 852901cde3d257b438b59babc0f67e75, type: 2}
  isHover: 0
  isSelected: 0
--- !u!60 &677139020828467552
PolygonCollider2D:
  m_ObjectHideFlags: 0
  m_CorrespondingSourceObject: {fileID: 0}
  m_PrefabInstance: {fileID: 0}
  m_PrefabAsset: {fileID: 0}
  m_GameObject: {fileID: 5773325124917863156}
  m_Enabled: 1
  m_Density: 1
  m_Material: {fileID: 0}
  m_IsTrigger: 0
  m_UsedByEffector: 0
  m_UsedByComposite: 0
  m_Offset: {x: 0, y: 0}
  m_SpriteTilingProperty:
    border: {x: 0, y: 0, z: 0, w: 0}
    pivot: {x: 0.5, y: 0.25}
    oldSize: {x: 1, y: 1}
    newSize: {x: 1, y: 1}
    adaptiveTilingThreshold: 0.5
    drawMode: 0
    adaptiveTiling: 0
  m_AutoTiling: 0
  m_Points:
    m_Paths:
    - - {x: 0.27066216, y: -0.12713292}
      - {x: -0.020381015, y: 0.38039616}
      - {x: -0.39993215, y: -0.005403703}
      - {x: -0.08685404, y: -0.21267396}
--- !u!114 &-2636259950119405151
MonoBehaviour:
  m_ObjectHideFlags: 0
  m_CorrespondingSourceObject: {fileID: 0}
  m_PrefabInstance: {fileID: 0}
  m_PrefabAsset: {fileID: 0}
  m_GameObject: {fileID: 5773325124917863156}
  m_Enabled: 1
  m_EditorHideFlags: 0
  m_Script: {fileID: 11500000, guid: e70795b8814983ce880e1bff775a2723, type: 3}
  m_Name: 
  m_EditorClassIdentifier: 
  resourceCost:
  - resourceType: 2
    amount: 100
  totalWorkToComplete: 5
  contructionTimer: {fileID: 0}
--- !u!114 &5163381752937699266
MonoBehaviour:
  m_ObjectHideFlags: 0
  m_CorrespondingSourceObject: {fileID: 0}
  m_PrefabInstance: {fileID: 0}
  m_PrefabAsset: {fileID: 0}
  m_GameObject: {fileID: 5773325124917863156}
  m_Enabled: 1
  m_EditorHideFlags: 0
  m_Script: {fileID: 11500000, guid: 243e192eb4f34fddda901afc5e255cd9, type: 3}
  m_Name: 
  m_EditorClassIdentifier: 
  hpBar: {fileID: 0}
--- !u!212 &1700316834931734179
SpriteRenderer:
  m_ObjectHideFlags: 0
  m_CorrespondingSourceObject: {fileID: 0}
  m_PrefabInstance: {fileID: 0}
  m_PrefabAsset: {fileID: 0}
  m_GameObject: {fileID: 5773325124917863156}
  m_Enabled: 1
  m_CastShadows: 0
  m_ReceiveShadows: 0
  m_DynamicOccludee: 1
  m_StaticShadowCaster: 0
  m_MotionVectors: 1
  m_LightProbeUsage: 1
  m_ReflectionProbeUsage: 1
  m_RayTracingMode: 0
  m_RayTraceProcedural: 0
  m_RenderingLayerMask: 1
  m_RendererPriority: 0
  m_Materials:
  - {fileID: 10754, guid: 0000000000000000f000000000000000, type: 0}
  m_StaticBatchInfo:
    firstSubMesh: 0
    subMeshCount: 0
  m_StaticBatchRoot: {fileID: 0}
  m_ProbeAnchor: {fileID: 0}
  m_LightProbeVolumeOverride: {fileID: 0}
  m_ScaleInLightmap: 1
  m_ReceiveGI: 1
  m_PreserveUVs: 0
  m_IgnoreNormalsForChartDetection: 0
  m_ImportantGI: 0
  m_StitchLightmapSeams: 1
  m_SelectedEditorRenderState: 0
  m_MinimumChartSize: 4
  m_AutoUVMaxDistance: 0.5
  m_AutoUVMaxAngle: 89
  m_LightmapParameters: {fileID: 0}
  m_SortingLayerID: -1971523965
  m_SortingLayer: 5
  m_SortingOrder: 0
  m_Sprite: {fileID: 21300000, guid: 752396b779e82e64eb07cf578ba90167, type: 3}
  m_Color: {r: 1, g: 1, b: 1, a: 1}
  m_FlipX: 0
  m_FlipY: 0
  m_DrawMode: 0
  m_Size: {x: 1, y: 1}
  m_AdaptiveModeThreshold: 0.5
  m_SpriteTileMode: 0
  m_WasSpriteAssigned: 1
  m_MaskInteraction: 0
  m_SpriteSortPoint: 0
--- !u!114 &4892494491292576595
MonoBehaviour:
  m_ObjectHideFlags: 0
  m_CorrespondingSourceObject: {fileID: 0}
  m_PrefabInstance: {fileID: 0}
  m_PrefabAsset: {fileID: 0}
  m_GameObject: {fileID: 5773325124917863156}
  m_Enabled: 1
  m_EditorHideFlags: 0
  m_Script: {fileID: 11500000, guid: 658bbcad65af34d4eaa137d0167390ef, type: 3}
  m_Name: 
  m_EditorClassIdentifier: 
  goalTime: 5
  onFinish:
    m_PersistentCalls:
      m_Calls: []
--- !u!1001 &6769048423906575965
PrefabInstance:
  m_ObjectHideFlags: 0
  serializedVersion: 2
  m_Modification:
    m_TransformParent: {fileID: 8993598627808062769}
    m_Modifications:
    - target: {fileID: 4372491762478490887, guid: 3cc3a4c150c57290dac56074cca47774, type: 3}
      propertyPath: m_Pivot.x
      value: 0.5
      objectReference: {fileID: 0}
    - target: {fileID: 4372491762478490887, guid: 3cc3a4c150c57290dac56074cca47774, type: 3}
      propertyPath: m_Pivot.y
      value: 0.5
      objectReference: {fileID: 0}
    - target: {fileID: 4372491762478490887, guid: 3cc3a4c150c57290dac56074cca47774, type: 3}
      propertyPath: m_RootOrder
      value: 0
      objectReference: {fileID: 0}
    - target: {fileID: 4372491762478490887, guid: 3cc3a4c150c57290dac56074cca47774, type: 3}
      propertyPath: m_AnchorMax.x
      value: 0.5
      objectReference: {fileID: 0}
    - target: {fileID: 4372491762478490887, guid: 3cc3a4c150c57290dac56074cca47774, type: 3}
      propertyPath: m_AnchorMax.y
      value: 0.5
      objectReference: {fileID: 0}
    - target: {fileID: 4372491762478490887, guid: 3cc3a4c150c57290dac56074cca47774, type: 3}
      propertyPath: m_AnchorMin.x
      value: 0.5
      objectReference: {fileID: 0}
    - target: {fileID: 4372491762478490887, guid: 3cc3a4c150c57290dac56074cca47774, type: 3}
      propertyPath: m_AnchorMin.y
      value: 0.5
      objectReference: {fileID: 0}
    - target: {fileID: 4372491762478490887, guid: 3cc3a4c150c57290dac56074cca47774, type: 3}
      propertyPath: m_SizeDelta.x
      value: 461.05
      objectReference: {fileID: 0}
    - target: {fileID: 4372491762478490887, guid: 3cc3a4c150c57290dac56074cca47774, type: 3}
      propertyPath: m_SizeDelta.y
      value: 36.9595
      objectReference: {fileID: 0}
    - target: {fileID: 4372491762478490887, guid: 3cc3a4c150c57290dac56074cca47774, type: 3}
      propertyPath: m_LocalPosition.x
      value: 0
      objectReference: {fileID: 0}
    - target: {fileID: 4372491762478490887, guid: 3cc3a4c150c57290dac56074cca47774, type: 3}
      propertyPath: m_LocalPosition.y
      value: 0
      objectReference: {fileID: 0}
    - target: {fileID: 4372491762478490887, guid: 3cc3a4c150c57290dac56074cca47774, type: 3}
      propertyPath: m_LocalPosition.z
      value: 0
      objectReference: {fileID: 0}
    - target: {fileID: 4372491762478490887, guid: 3cc3a4c150c57290dac56074cca47774, type: 3}
      propertyPath: m_LocalRotation.w
      value: 1
      objectReference: {fileID: 0}
    - target: {fileID: 4372491762478490887, guid: 3cc3a4c150c57290dac56074cca47774, type: 3}
      propertyPath: m_LocalRotation.x
      value: 0
      objectReference: {fileID: 0}
    - target: {fileID: 4372491762478490887, guid: 3cc3a4c150c57290dac56074cca47774, type: 3}
      propertyPath: m_LocalRotation.y
      value: 0
      objectReference: {fileID: 0}
    - target: {fileID: 4372491762478490887, guid: 3cc3a4c150c57290dac56074cca47774, type: 3}
      propertyPath: m_LocalRotation.z
      value: 0
      objectReference: {fileID: 0}
    - target: {fileID: 4372491762478490887, guid: 3cc3a4c150c57290dac56074cca47774, type: 3}
      propertyPath: m_AnchoredPosition.x
      value: 0
      objectReference: {fileID: 0}
    - target: {fileID: 4372491762478490887, guid: 3cc3a4c150c57290dac56074cca47774, type: 3}
      propertyPath: m_AnchoredPosition.y
      value: 0
      objectReference: {fileID: 0}
    - target: {fileID: 4372491762478490887, guid: 3cc3a4c150c57290dac56074cca47774, type: 3}
      propertyPath: m_LocalEulerAnglesHint.x
      value: 0
      objectReference: {fileID: 0}
    - target: {fileID: 4372491762478490887, guid: 3cc3a4c150c57290dac56074cca47774, type: 3}
      propertyPath: m_LocalEulerAnglesHint.y
      value: 0
      objectReference: {fileID: 0}
    - target: {fileID: 4372491762478490887, guid: 3cc3a4c150c57290dac56074cca47774, type: 3}
      propertyPath: m_LocalEulerAnglesHint.z
      value: 0
      objectReference: {fileID: 0}
    - target: {fileID: 7395620108120307349, guid: 3cc3a4c150c57290dac56074cca47774, type: 3}
      propertyPath: m_Name
      value: HP Linear Progressbar
      objectReference: {fileID: 0}
    m_RemovedComponents: []
  m_SourcePrefab: {fileID: 100100000, guid: 3cc3a4c150c57290dac56074cca47774, type: 3}
--- !u!224 &7016128532187489114 stripped
RectTransform:
  m_CorrespondingSourceObject: {fileID: 4372491762478490887, guid: 3cc3a4c150c57290dac56074cca47774, type: 3}
  m_PrefabInstance: {fileID: 6769048423906575965}
  m_PrefabAsset: {fileID: 0}
--- !u!1001 &9204131655465031474
PrefabInstance:
  m_ObjectHideFlags: 0
  serializedVersion: 2
  m_Modification:
    m_TransformParent: {fileID: 8993598627808062769}
    m_Modifications:
    - target: {fileID: 1684245153295204732, guid: 12b3d7d8bb77b37dd90a373490ed0a55, type: 3}
      propertyPath: m_Pivot.x
      value: 0.5
      objectReference: {fileID: 0}
    - target: {fileID: 1684245153295204732, guid: 12b3d7d8bb77b37dd90a373490ed0a55, type: 3}
      propertyPath: m_Pivot.y
      value: 0.5
      objectReference: {fileID: 0}
    - target: {fileID: 1684245153295204732, guid: 12b3d7d8bb77b37dd90a373490ed0a55, type: 3}
      propertyPath: m_RootOrder
      value: 1
      objectReference: {fileID: 0}
    - target: {fileID: 1684245153295204732, guid: 12b3d7d8bb77b37dd90a373490ed0a55, type: 3}
      propertyPath: m_AnchorMax.x
      value: 0.5
      objectReference: {fileID: 0}
    - target: {fileID: 1684245153295204732, guid: 12b3d7d8bb77b37dd90a373490ed0a55, type: 3}
      propertyPath: m_AnchorMax.y
      value: 0.5
      objectReference: {fileID: 0}
    - target: {fileID: 1684245153295204732, guid: 12b3d7d8bb77b37dd90a373490ed0a55, type: 3}
      propertyPath: m_AnchorMin.x
      value: 0.5
      objectReference: {fileID: 0}
    - target: {fileID: 1684245153295204732, guid: 12b3d7d8bb77b37dd90a373490ed0a55, type: 3}
      propertyPath: m_AnchorMin.y
      value: 0.5
      objectReference: {fileID: 0}
    - target: {fileID: 1684245153295204732, guid: 12b3d7d8bb77b37dd90a373490ed0a55, type: 3}
      propertyPath: m_SizeDelta.x
      value: 1
      objectReference: {fileID: 0}
    - target: {fileID: 1684245153295204732, guid: 12b3d7d8bb77b37dd90a373490ed0a55, type: 3}
      propertyPath: m_SizeDelta.y
      value: 0.08
      objectReference: {fileID: 0}
    - target: {fileID: 1684245153295204732, guid: 12b3d7d8bb77b37dd90a373490ed0a55, type: 3}
      propertyPath: m_LocalPosition.x
      value: 0
      objectReference: {fileID: 0}
    - target: {fileID: 1684245153295204732, guid: 12b3d7d8bb77b37dd90a373490ed0a55, type: 3}
      propertyPath: m_LocalPosition.y
      value: 0
      objectReference: {fileID: 0}
    - target: {fileID: 1684245153295204732, guid: 12b3d7d8bb77b37dd90a373490ed0a55, type: 3}
      propertyPath: m_LocalPosition.z
      value: 0
      objectReference: {fileID: 0}
    - target: {fileID: 1684245153295204732, guid: 12b3d7d8bb77b37dd90a373490ed0a55, type: 3}
      propertyPath: m_LocalRotation.w
      value: 1
      objectReference: {fileID: 0}
    - target: {fileID: 1684245153295204732, guid: 12b3d7d8bb77b37dd90a373490ed0a55, type: 3}
      propertyPath: m_LocalRotation.x
      value: 0
      objectReference: {fileID: 0}
    - target: {fileID: 1684245153295204732, guid: 12b3d7d8bb77b37dd90a373490ed0a55, type: 3}
      propertyPath: m_LocalRotation.y
      value: 0
      objectReference: {fileID: 0}
    - target: {fileID: 1684245153295204732, guid: 12b3d7d8bb77b37dd90a373490ed0a55, type: 3}
      propertyPath: m_LocalRotation.z
      value: 0
      objectReference: {fileID: 0}
    - target: {fileID: 1684245153295204732, guid: 12b3d7d8bb77b37dd90a373490ed0a55, type: 3}
      propertyPath: m_AnchoredPosition.x
      value: 0
      objectReference: {fileID: 0}
    - target: {fileID: 1684245153295204732, guid: 12b3d7d8bb77b37dd90a373490ed0a55, type: 3}
      propertyPath: m_AnchoredPosition.y
      value: -0.46
      objectReference: {fileID: 0}
    - target: {fileID: 1684245153295204732, guid: 12b3d7d8bb77b37dd90a373490ed0a55, type: 3}
      propertyPath: m_LocalEulerAnglesHint.x
      value: 0
      objectReference: {fileID: 0}
    - target: {fileID: 1684245153295204732, guid: 12b3d7d8bb77b37dd90a373490ed0a55, type: 3}
      propertyPath: m_LocalEulerAnglesHint.y
      value: 0
      objectReference: {fileID: 0}
    - target: {fileID: 1684245153295204732, guid: 12b3d7d8bb77b37dd90a373490ed0a55, type: 3}
      propertyPath: m_LocalEulerAnglesHint.z
      value: 0
      objectReference: {fileID: 0}
    - target: {fileID: 5571822803049550574, guid: 12b3d7d8bb77b37dd90a373490ed0a55, type: 3}
      propertyPath: m_Name
      value: Loading Linear Progressbar Variant
      objectReference: {fileID: 0}
    m_RemovedComponents: []
  m_SourcePrefab: {fileID: 100100000, guid: 12b3d7d8bb77b37dd90a373490ed0a55, type: 3}
--- !u!224 &7558167116184966734 stripped
RectTransform:
  m_CorrespondingSourceObject: {fileID: 1684245153295204732, guid: 12b3d7d8bb77b37dd90a373490ed0a55, type: 3}
  m_PrefabInstance: {fileID: 9204131655465031474}
  m_PrefabAsset: {fileID: 0}
